<?xml version="1.0" encoding="UTF-8"?><record xmlns="http://www.loc.gov/MARC21/slim" xmlns:cinclude="http://apache.org/cocoon/include/1.0" xmlns:zs="http://www.loc.gov/zing/srw/">
  <leader>00285nz  a2200121n  4500</leader>
  <controlfield tag="001">nr 99040597 </controlfield>
  <controlfield tag="003">DLC</controlfield>
  <controlfield tag="005">19991224013620.0</controlfield>
  <controlfield tag="008">991223n| acannaabn          |n aaa     c</controlfield>
  <datafield tag="010" ind1=" " ind2=" ">
    <subfield code="a">nr 99040597 </subfield>
  </datafield>
  <datafield tag="040" ind1=" " ind2=" ">
    <subfield code="a">NNFr</subfield>
    <subfield code="b">eng</subfield>
    <subfield code="c">NNFr</subfield>
  </datafield>
  <datafield tag="100" ind1="1" ind2=" ">
    <subfield code="a">Baux, A.</subfield>
  </datafield>
  <datafield tag="670" ind1=" " ind2=" ">
    <subfield code="a">Musica, 1998:</subfield>
    <subfield code="b">colophon (A. Baux)</subfield>
  </datafield>
</record>